@misc{CudaDeveloper,
  title = {CUDA C++ Programming Guide},
  howpublished = {\url{https://docs.nvidia.com/cuda/cuda-c-programming-guide/index.html}},
  note = {Accessed: 2024-09-30}
}